<?xml version="1.0" encoding="UTF-8"?><collection xmlns="http://www.loc.gov/MARC21/slim"><record><leader>00439nam--2200145-i-4500</leader><controlfield tag="001">000021204</controlfield><controlfield tag="002">20161230</controlfield><controlfield tag="005">20161230201034</controlfield><controlfield tag="008">060222s1000------------r-----000-0-eng-d</controlfield><datafield ind1=" " ind2=" " tag="080"><subfield code="a">621.039.1</subfield></datafield><datafield ind1=" " ind2=" " tag="100"><subfield code="a">Huasner, Henry H. And Roboff, Stanley B</subfield></datafield><datafield ind1=" " ind2=" " tag="245"><subfield code="a">Materials for nuclear power reators. foreword by t.keith glennan</subfield></datafield><datafield ind1=" " ind2=" " tag="260"><subfield code="a">New York, Reinhold Publ. Corp., 1955 Xii + 224 P</subfield></datafield><datafield ind1=" " ind2=" " tag="490"><subfield code="a">A Reinhold Pilot Book 7</subfield></datafield><datafield ind1=" " ind2=" " tag="852"><subfield code="a">10827</subfield></datafield></record></collection>